@Preamble{ " \newcommand{\noop}[1]{} " }

\begin{thebibliography}{10}

@book{robinson2014thermodynamic,
	title={The Thermodynamic Pressure in Quantum Statistical Mechanics},
	author={Robinson, D.W.},
	isbn={9783662205105},
	series={Lecture Notes in Physics},
	url={https://books.google.dk/books?id=IfHuoAEACAAJ},
	year={1971},
	publisher={Springer Berlin Heidelberg}
}

@ARTICLE{2020JMP....61f1901M,
	author = {{Mayer}, Simon and {Seiringer}, Robert},
	title = "{The free energy of the two-dimensional dilute Bose gas. II. Upper bound}",
	journal = {Journal of Mathematical Physics},
	keywords = {Mathematical Physics, Condensed Matter - Quantum Gases, Condensed Matter - Statistical Mechanics},
	year = 2020,
	month = jun,
	volume = {61},
	number = {6},
	eid = {061901},
	pages = {061901},
	doi = {10.1063/5.0005950},
	archivePrefix = {arXiv},
	eprint = {2002.08281},
	primaryClass = {math-ph},
	adsurl = {https://ui.adsabs.harvard.edu/abs/2020JMP....61f1901M},
	adsnote = {Provided by the SAO/NASA Astrophysics Data System}
}

@article{PhysRev.130.1605,
  title = {Exact Analysis of an Interacting Bose Gas. I. The General Solution and the Ground State},
  author = {Lieb, Elliott H. and Liniger, Werner},
  journal = {Phys. Rev.},
  volume = {130},
  issue = {4},
  pages = {1605--1616},
  numpages = {0},
  year = {1963},
  month = {May},
  publisher = {American Physical Society},
  doi = {10.1103/PhysRev.130.1605},
  url = {https://link.aps.org/doi/10.1103/PhysRev.130.1605}
}


@article{FINCO2012131,
title = "Quadratic Forms for the Fermionic Unitary Gas Model",
journal = "Reports on Mathematical Physics",
volume = "69",
number = "2",
pages = "131 - 159",
year = "2012",
issn = "0034-4877",
doi = "https://doi.org/10.1016/S0034-4877(12)60022-6",
url = "http://www.sciencedirect.com/science/article/pii/S0034487712600226",
author = "Domenico Finco and Alessandro Teta",
keywords = "zero-range interactions, unitary gas, Skornyakov-Ter-Martirosyan extension",
abstract = "We consider a quantum system in dimension three composed by a group of N identical fermions, with mass 1/2, interacting via zero-range interaction with a group of M identical fermions of a different type, with mass m/2. Exploiting a renormalization procedure, we construct the corresponding quadratic form and define the so-called Skornyakov-Ter-Martirosyan extension Hα, which is the natural candidate as a possible Hamiltonian of the system. It is shown that if the form is unbounded from below then Hα is not a self-adjoint and bounded from below operator, and this in particular suggests that the so-called Thomas effect could occur. In the special case N = 2, M = 1 we prove that this is in fact the case when a suitable condition on the parameter m is satisfied."
}

@book{albeverio2012solvable,
	title={Solvable Models in Quantum Mechanics},
	author={Albeverio, S. and Gesztesy, F. and Hoegh-Krohn, R. and Holden, H.},
	isbn={9783642882012},
	series={Theoretical and Mathematical Physics},
	url={https://books.google.dk/books?id=BS3wCAAAQBAJ},
	year={2012},
	publisher={Springer Berlin Heidelberg}
}


@article{Moser_2017,
	title={Stability of a Fermionic N + 1 Particle System with Point Interactions},
	volume={356},
	ISSN={1432-0916},
	url={http://dx.doi.org/10.1007/s00220-017-2980-0},
	DOI={10.1007/s00220-017-2980-0},
	number={1},
	journal={Communications in Mathematical Physics},
	publisher={Springer Science and Business Media LLC},
	author={Moser, Thomas and Seiringer, Robert},
	year={2017},
	month={Aug},
	pages={329–355}
}

@book{grubb2008distributions,
	title={Distributions and Operators},
	author={Grubb, G.},
	isbn={9780387848952},
	lccn={2008937582},
	series={Graduate Texts in Mathematics},
	url={https://books.google.dk/books?id=O3b2XdEvH4IC},
	year={2008},
	publisher={Springer New York}
}

@book{JPS_lecturenotes,
	title={Rigorous Stability Theory of Quantum Mechanics},
	author={Solovej, J. P.},
	year={1997},
	publisher={unpublished}
}

@book{maso1993introduction,
	title={An Introduction to [gamma]-convergence},
	author={Maso, G.D.},
	isbn={9783764336790},
	lccn={92034990},
	series={Progress in nonlinear differential equations and their applications},
	url={https://books.google.dk/books?id=eYq\_QgAACAAJ},
	year={1993},
	publisher={Birkh{\"a}user}
}

@book{Folland,
	author = {Folland, Gerald B.},
	title = {Real analysis: },
	publisher = {Wiley,},
	year = {1999},
	address = {New York:},
	edition = {2nd ed.}
}

@book{lieb2001analysis,
	title={Analysis},
	author={Lieb, E.H. and Loss, M. and LOSS, M.A. and American Mathematical Society},
	isbn={9780821827833},
	lccn={01018215},
	series={Crm Proceedings \& Lecture Notes},
	url={https://books.google.dk/books?id=Eb\_7oRorXJgC},
	year={2001},
	publisher={American Mathematical Society}
}

@article{Qi_2009,
	title={Sharpening and Generalizations of Shafer’s Inequality for the Arc Tangent Function},
	volume={2009},
	ISSN={1029-242X},
	url={http://dx.doi.org/10.1155/2009/930294},
	DOI={10.1155/2009/930294},
	number={1},
	journal={Journal of Inequalities and Applications},
	publisher={Springer Science and Business Media LLC},
	author={Qi, Feng and Zhang, Shi-Qin and Guo, Bai-Ni},
	year={2009},
	pages={930294}
}

@book{berezanskii1968expansions,
	title={Expansions in Eigenfunctions of Selfadjoint Operators},
	author={Berezanskii, I.U.M.},
	isbn={9780821886496},
	lccn={67022347},
	series={Translations of mathematical monographs},
	url={https://books.google.dk/books?id=oZUCwAEACAAJ},
	year={1968},
	publisher={American Mathematical Society}
}

@article{AIHPA_1994__60_3_253_0,
	author = {Dell'Antonio, G. F. and Figari, R. and Teta, A.},
	title = {Hamiltonians for systems of N particles interacting through point interactions},
	journal = {Annales de l'I.H.P. Physique th\'eorique},
	pages = {253--290},
	publisher = {Gauthier-Villars},
	volume = {60},
	number = {3},
	year = {1994},
	zbl = {0808.35113},
	mrnumber = {1281647},
	language = {en},
	url = {http://www.numdam.org/item/AIHPA_1994__60_3_253_0/}
}
