@Preamble{ " \newcommand{\noop}[1]{} " }

\begin{thebibliography}{10}





%1D LL

@article{bethe1931theorie,
	title={Zur theorie der metalle},
	author={Bethe, Hans},
	journal={Zeitschrift f{\"u}r Physik},
	volume={71},
	number={3},
	pages={205--226},
	year={1931},
	publisher={Springer}
}


@article{girardeau1960relationship,
  title={Relationship between systems of impenetrable bosons and fermions in one dimension},
  author={Girardeau, Marvin},
  journal={Journal of Mathematical Physics},
  volume={1},
  number={6},
  pages={516--523},
  year={1960},
  publisher={American Institute of Physics}
}



@article{lieb1963exact,
  title={Exact analysis of an interacting Bose gas. I. The general solution and the ground state},
  author={Lieb, Elliott H and Liniger, Werner},
  journal={Physical Review},
  volume={130},
  number={4},
  pages={1605},
  year={1963},
  publisher={APS}
}


@article{guan2011polylogs,
  title={Polylogs, thermodynamics and scaling functions of one-dimensional quantum many-body systems},
  author={Guan, Xi-Wen and Batchelor, Murray T},
  journal={Journal of Physics A: Mathematical and Theoretical},
  volume={44},
  number={10},
  pages={102001},
  year={2011},
  publisher={IOP Publishing}
}

@article{jiang2015understanding,
  title={Understanding many-body physics in one dimension from the {L}ieb--{L}iniger model},
  author={Jiang, Yu-Zhu and Chen, Yang-Yang and Guan, Xi-Wen},
  journal={Chinese Physics B},
  volume={24},
  number={5},
  pages={050311},
  year={2015},
  publisher={IOP Publishing}
}

@article{astrakharchik2010low,
  title={Low-dimensional weakly interacting Bose gases: Nonuniversal equations of state},
  author={Astrakharchik, GE and Boronat, J and Kurbakov, IL and Lozovik, Yu E and Mazzanti, F},
  journal={Physical Review A},
  volume={81},
  number={1},
  pages={013612},
  year={2010},
  publisher={APS}
}

@article{de2019beyond,
  title={Beyond-Luttinger-liquid thermodynamics of a one-dimensional Bose gas with repulsive contact interactions},
  author={De Rosi, Giulia and Massignan, Pietro and Lewenstein, Maciej and Astrakharchik, Grigori E},
  journal={Physical Review Research},
  volume={1},
  number={3},
  pages={033083},
  year={2019},
  publisher={APS}
}

@article{cmp/1104252974,
	author = {T. C. Dorlas},
	title = {{Orthogonality and completeness of the Bethe ansatz eigenstates of the nonlinear Schroedinger model}},
	volume = {154},
	journal = {Communications in Mathematical Physics},
	number = {2},
	publisher = {Springer},
	pages = {347 -- 376},
	year = {1993},
	doi = {cmp/1104252974},
	URL = {https://doi.org/}
}

% 1D Bose gas
@article{agerskov2022ground,
	title={Ground state energy of dilute Bose gases in 1D},
	author={Agerskov, Johannes and Reuvers, Robin and Solovej, Jan Philip},
	journal={arXiv preprint arXiv:2203.17183},
	year={2022}
}


% Technical aspects

@article{william1991representation,
	title={Representation Theory: a first course},
	author={William, Fulton and Joe, Harris},
	journal={Graduate Texts in Mathematics, Readings in Mathematics. Springer-Verlag},
	volume={129},
	year={1991}
}

@book{fulton1997young,
	title={Young tableaux: with applications to representation theory and geometry},
	author={Fulton, Mr William and Fulton, William},
	number={35},
	year={1997},
	publisher={Cambridge University Press}
}

@book{lieb2001analysis,
	title={Analysis},
	author={Lieb, E.H. and Loss, M.},
	isbn={9780821827833},
	lccn={01018215},
	series={Crm Proceedings \& Lecture Notes},
	url={https://books.google.dk/books?id=Eb\_7oRorXJgC},
	year={2001},
	publisher={American Mathematical Society}
}

@article{hult1938,
	title={{\"Uber das Austauschproblem eines Kristalles}},
	author={Hulth√©n, L.},
	journal={Ark. Met. Astron. Fysik },
	volume={26A},
	number={Na. 11},
	year={1938},
}

@book{mattis2012theory,
	title={The Theory of Magnetism I: Statics and Dynamics},
	author={Mattis, D.C.},
	isbn={9783642832383},
	series={Springer Series in Solid-State Sciences},
	url={https://books.google.dk/books?id=u6r1CAAAQBAJ},
	year={2012},
	publisher={Springer Berlin Heidelberg}
}

@book{albeverio2012solvable,
	title={Solvable Models in Quantum Mechanics},
	author={Albeverio, S. and Gesztesy, F. and Hoegh-Krohn, R. and Holden, H.},
	isbn={9783642882012},
	series={Theoretical and Mathematical Physics},
	url={https://books.google.dk/books?id=BS3wCAAAQBAJ},
	year={2012},
	publisher={Springer Berlin Heidelberg}
}

@book{reed1981functional,
	title={I: Functional Analysis},
	author={Reed, M. and Simon, B.},
	isbn={9780080570488},
	series={Methods of Modern Mathematical Physics},
	url={https://books.google.dk/books?id=rpFTTjxOYpsC},
	year={1981},
	publisher={Elsevier Science}
}

@book{adams1975sobolev,
	title={Sobolev Spaces},
	author={Adams, R.A.},
	year={1975},
	publisher={Academic press, New York}
}

@book{robinson2014thermodynamic,
	title={The {T}hermodynamic {P}ressure in {Q}uantum {S}tatistical {M}echanics},
	author={Robinson, D.W.},
	isbn={9783662205105},
	series={Lecture Notes in Physics},
	url={https://books.google.dk/books?id=IfHuoAEACAAJ},
	year={1971},
	publisher={Springer Berlin Heidelberg}
}

@book{lieb2006mathematics,
	title={The {M}athematics of the {B}ose {G}as and its {C}ondensation},
	author={Lieb, E.H. and Seiringer, R. and Solovej, J.P. and Yngvason, J.},
	isbn={9783764373375},
	lccn={2005048218},
	series={Oberwolfach Seminars},
	url={https://books.google.dk/books?id=4hPAR3uw35IC},
	year={2006},
	publisher={Birkh{\"a}user Basel}
}


@book{evans1991measure,
	title={Measure Theory and Fine Properties of Functions},
	author={Evans, L.C. and Gariepy, R.F.},
	isbn={9780849371578},
	lccn={91030277},
	series={Studies in Advanced Mathematics},
	url={https://books.google.dk/books?id=HZONacVPGlMC},
	year={1991},
	publisher={Taylor \& Francis}
}

@book{grisvard2011elliptic,
	title={Elliptic Problems in Nonsmooth Domains},
	author={Grisvard, P.},
	isbn={9781611972023},
	lccn={2011028564},
	series={Classics in Applied Mathematics},
	url={https://books.google.dk/books?id=lJTtujsZSgkC},
	year={2011},
	publisher={Society for Industrial and Applied Mathematics}
}

%3D Bose gas

@article{lenz1929wellenfunktion,
  title={Die {W}ellenfunktion und {G}eschwindigkeitsverteilung des entarteten {G}ases},
  author={Lenz, W},
  journal={Zeitschrift f{\"u}r Physik},
  volume={56},
  number={11},
  pages={778--789},
  year={1929},
  publisher={Springer}
}


@article{bogoliubov1947theory,
  title={On the theory of superfluidity},
  author={Bogoliubov, N N},
  journal={Proc. Inst. Math. Kiev},
  volume={9},
  pages={89--103},
  year={1947},
  note={Rus. Trans Izv. Akad. Nauk Ser. Fiz. 11, 77 (1947), Eng. Trans. J. Phys. (USSR), 11, 23 (1947)}
}


@article{lee1957eigenvalues,
  title={Eigenvalues and eigenfunctions of a {B}ose system of hard spheres and its low-temperature properties},
  author={Lee, Tsin D and Huang, Kerson and Yang, Chen N},
  journal={Physical Review},
  volume={106},
  number={6},
  pages={1135},
  year={1957},
  publisher={APS}
}

@incollection{lieb1998ground,
  title={Ground state energy of the low density {B}ose gas},
  author={Lieb, Elliolt H and Yngvason, Jakob},
  booktitle={The Stability of Matter: From Atoms to Stars},
  pages={755--758},
  year={1998},
  publisher={Springer}
}

@article{yau2009second,
  title={The second order upper bound for the ground energy of a {B}ose gas},
  author={Yau, Horng-Tzer and Yin, Jun},
  journal={Journal of Statistical Physics},
  volume={136},
  number={3},
  pages={453--503},
  year={2009},
  publisher={Springer}
}

@inproceedings{basti2021new,
  title={A new second-order upper bound for the ground state energy of dilute {B}ose gases},
  author={Basti, Giulia and Cenatiempo, Serena and Schlein, Benjamin},
  booktitle={Forum of Mathematics, Sigma},
  volume={9},
  year={2021},
  organization={Cambridge University Press}
}

@article{fournais2020energy,
  title={The energy of dilute {B}ose gases},
  author={Fournais, S{\o}ren and Solovej, Jan Philip},
  journal={Annals of Mathematics},
  volume={192},
  number={3},
  pages={893--976},
  year={2020},
  publisher={JSTOR}
}

@article{fournais2021energy,
  title={The energy of dilute {B}ose gases {II}: The general case},
  author={Fournais, S{\o}ren and Solovej, Jan Philip},
  journal={arXiv preprint arXiv:2108.12022},
  year={2021}
}

@article{dyson1957ground,
  title={Ground-state energy of a hard-sphere gas},
  author={Dyson, Freeman John},
  journal={Physical Review},
  volume={106},
  number={1},
  pages={20},
  year={1957},
  publisher={APS}
}
% 3D experimental
@article{navon2010equation,
  title={The equation of state of a low-temperature Fermi gas with tunable interactions},
  author={Navon, Nir and Nascimbene, Sylvain and Chevy, Fr{\'e}d{\'e}ric and Salomon, Christophe},
  journal={Science},
  volume={328},
  number={5979},
  pages={729--732},
  year={2010},
  publisher={American Association for the Advancement of Science}
}


% 2D Bose gas

@article{schick1971two,
  title={Two-dimensional system of hard-core bosons},
  author={Schick, M},
  journal={Physical Review A},
  volume={3},
  number={3},
  pages={1067},
  year={1971},
  publisher={APS}
}

@article{lieb2001ground,
  title={The ground state energy of a dilute two-dimensional {B}ose gas},
  author={Lieb, Elliott H and Yngvason, Jakob},
  journal={Journal of Statistical Physics},
  volume={103},
  number={3},
  pages={509--526},
  year={2001},
  publisher={Springer}
}

@article{andersen2002ground,
  title={Ground state pressure and energy density of an interacting homogeneous {B}ose gas in two dimensions},
  author={Andersen, J O},
  journal={The European Physical Journal B-Condensed Matter and Complex Systems},
  volume={28},
  number={4},
  pages={389--396},
  year={2002},
  publisher={Springer}
}

@article{mora2009ground,
  title={Ground state energy of the two-dimensional weakly interacting {B}ose gas: first correction beyond {B}ogoliubov theory},
  author={Mora, Christophe and Castin, Yvan},
  journal={Physical Review Letters},
  volume={102},
  number={18},
  pages={180404},
  year={2009},
  publisher={APS}
}

@article{fournais2019ground,
  title={Ground state energy of a dilute two-dimensional {B}ose gas from the Bogoliubov free energy functional},
  author={Fournais, S{\o}ren and Napi{\'o}rkowski, Marcin and Reuvers, Robin and Solovej, Jan Philip},
  journal={Journal of Mathematical Physics},
  volume={60},
  number={7},
  pages={071903},
  year={2019},
  publisher={AIP Publishing LLC}
}




%confinement

@article{olshanii1998atomic,
  title={Atomic scattering in the presence of an external confinement and a gas of impenetrable bosons},
  author={Olshanii, Maxim},
  journal={Physical Review Letters},
  volume={81},
  number={5},
  pages={938},
  year={1998},
  publisher={APS}
}

@article{lieb2004one,
  title={One-dimensional behavior of dilute, trapped {B}ose gases},
  author={Lieb, Elliott H and Seiringer, Robert and Yngvason, Jakob},
  journal={Communications in mathematical physics},
  volume={244},
  number={2},
  pages={347--393},
  year={2004},
  publisher={Springer}
}
@article{lieb2003one,
  title={One-dimensional bosons in three-dimensional traps},
  author={Lieb, Elliott H and Seiringer, Robert and Yngvason, Jakob},
  journal={Physical Review Letters},
  volume={91},
  number={15},
  pages={150401},
  year={2003},
  publisher={APS}
}
@article{seiringer2008lieb,
  title={The {L}ieb-{L}iniger model as a limit of dilute bosons in three dimensions},
  author={Seiringer, Robert and Yin, Jun},
  journal={Communications in mathematical physics},
  volume={284},
  number={2},
  pages={459--479},
  year={2008},
  publisher={Springer}
}
% reviews perhaps relevant for confinement
@article{bloch2008many,
  title={Many-body physics with ultracold gases},
  author={Bloch, Immanuel and Dalibard, Jean and Zwerger, Wilhelm},
  journal={Reviews of modern physics},
  volume={80},
  number={3},
  pages={885},
  year={2008},
  publisher={APS}
}

@article{cazalilla2011one,
  title={One dimensional bosons: {F}rom condensed matter systems to ultracold gases},
  author={Cazalilla, MA and Citro, Roberta and Giamarchi, Thierry and Orignac, Edmond and Rigol, Marcos},
  journal={Reviews of Modern Physics},
  volume={83},
  number={4},
  pages={1405},
  year={2011},
  publisher={APS}
}
%negative c perhaps relevant for confinement
@article{mcguire1964study,
  title={Study of exactly soluble one-dimensional {$N$}-body problems},
  author={McGuire, James B},
  journal={Journal of Mathematical Physics},
  volume={5},
  number={5},
  pages={622--636},
  year={1964},
  publisher={American Institute of Physics}
}

@article{calabrese2007correlation,
  title={Correlation functions of the one-dimensional attractive {B}ose gas},
  author={Calabrese, Pasquale and Caux, Jean-S{\'e}bastien},
  journal={Physical Review Letters},
  volume={98},
  number={15},
  pages={150403},
  year={2007},
  publisher={APS}
}




%Momentum distribution

@article{lenard1964momentum,
  title={Momentum distribution in the ground state of the one-dimensional system of impenetrable bosons},
  author={Lenard, Andrew},
  journal={Journal of Mathematical Physics},
  volume={5},
  number={7},
  pages={930--943},
  year={1964},
  publisher={American Institute of Physics}
}


@article{vaidya1979one,
  title={One particle reduced density matrix of impenetrable bosons in one dimension at zero temperature},
  author={Vaidya, Hemant G and Tracy, CA},
  journal={Journal of Mathematical Physics},
  volume={20},
  number={11},
  pages={2291--2312},
  year={1979},
  publisher={American Institute of Physics}
}

@article{colcelli2018deviations,
  title={Deviations from off-diagonal long-range order in one-dimensional quantum systems},
  author={Colcelli, Andrea and Mussardo, Giuseppe and Trombettoni, Andrea},
  journal={EPL (Europhysics Letters)},
  volume={122},
  number={5},
  pages={50006},
  year={2018},
  publisher={IOP Publishing}
}


% anyons

@article{kundu1999exact,
  title={Exact solution of double $\delta$ function Bose gas through an interacting anyon gas},
  author={Kundu, Anjan},
  journal={Physical Review Letters},
  volume={83},
  number={7},
  pages={1275},
  year={1999},
  publisher={APS}
}


@article{haldane1991fractional,
  title={‚Äò‚ÄòFractional statistics‚Äô‚Äôin arbitrary dimensions: a generalization of the {P}auli principle},
  author={Haldane, F Duncan M},
  journal={Physical Review Letters},
  volume={67},
  number={8},
  pages={937},
  year={1991},
  publisher={APS}
}

@article{leinaas1977theory,
  title={On the theory of identical particles},
  author={Leinaas, Jon M and Myrheim, Jan},
  journal={Il Nuovo Cimento B (1971-1996)},
  volume={37},
  number={1},
  pages={1--23},
  year={1977},
  publisher={Springer}
}

@article{keilmann2011statistically,
  title={Statistically induced phase transitions and anyons in 1D optical lattices},
  author={Keilmann, Tassilo and Lanzmich, Simon and McCulloch, Ian and Roncaglia, Marco},
  journal={Nature communications},
  volume={2},
  number={1},
  pages={1--7},
  year={2011},
  publisher={Nature Publishing Group}
}

@article{batchelor2006one,
  title={One-dimensional interacting anyon gas: low-energy properties and {H}aldane exclusion statistics},
  author={Batchelor, Murray T and Guan, X-W and Oelkers, Norman},
  journal={Physical Review Letters},
  volume={96},
  number={21},
  pages={210402},
  year={2006},
  publisher={APS}
}
@article{hao2008ground,
  title={Ground-state properties of one-dimensional anyon gases},
  author={Hao, Yajiang and Zhang, Yunbo and Chen, Shu},
  journal={Physical Review A},
  volume={78},
  number={2},
  pages={023631},
  year={2008},
  publisher={APS}
}

@article{bonkhoff2021bosonic,
  title={Bosonic continuum theory of one-dimensional lattice anyons},
  author={Bonkhoff, Martin and J{\"a}gering, Kevin and Eggert, Sebastian and Pelster, Axel and Thorwart, Michael and Posske, Thore},
  journal={Physical Review Letters},
  volume={126},
  number={16},
  pages={163201},
  year={2021},
  publisher={APS}
}

@article{posske2017second,
  title={Second quantization of {L}einaas-{M}yrheim anyons in one dimension and their relation to the Lieb-Liniger model},
  author={Posske, Thore and Trauzettel, Bj{\"o}rn and Thorwart, Michael},
  journal={Physical Review B},
  volume={96},
  number={19},
  pages={195422},
  year={2017},
  publisher={APS}
}


% particles with spin

@article{marshall1955antiferromagnetism,
	title={Antiferromagnetism},
	author={Marshall, W},
	journal={Proceedings of the Royal Society of London. Series A. Mathematical and Physical Sciences},
	volume={232},
	number={1188},
	pages={48--68},
	year={1955},
	publisher={The Royal Society London}
}

@article{lieb1962ordering,
	title={Ordering energy levels of interacting spin systems},
	author={Lieb, Elliott and Mattis, Daniel},
	journal={Journal of Mathematical Physics},
	volume={3},
	number={4},
	pages={749--751},
	year={1962},
	publisher={American Institute of Physics}
}

@article{lieb1962theory,
  title={Theory of ferromagnetism and the ordering of electronic energy levels},
  author={Lieb, Elliott and Mattis, Daniel},
  journal={Physical Review},
  volume={125},
  number={1},
  pages={164--172},
  year={1962},
  publisher={American Institute of Physics Publising LLC}
}


@article{guan2011analytical,
  title={Analytical study of the Fredholm equations for 1{D} two-component {F}ermions with delta-function interaction},
  author={Guan, Xi-Wen and Ma, Zhong-Qi},
  journal={arxiv: 1110.2821},
  year={2011}
}

@article{guan2012one,
  title={One-dimensional multicomponent fermions with $\delta$-function interaction in strong-and weak-coupling limits: $\kappa$-component Fermi gas},
  author={Guan, Xi-Wen and Ma, Zhong-Qi and Wilson, Brendan},
  journal={Physical Review A},
  volume={85},
  number={3},
  pages={033633},
  year={2012},
  publisher={APS}
}

@article{yang1967some,
  title={Some exact results for the many-body problem in one dimension with repulsive delta-function interaction},
  author={Yang, Chen-Ning},
  journal={Physical Review Letters},
  volume={19},
  number={23},
  pages={1312},
  year={1967},
  publisher={APS}
}

@article{gaudin1967systeme,
  title={Un systeme a une dimension de fermions en interaction},
  author={Gaudin, M},
  journal={Physics Letters A},
  volume={24},
  number={1},
  pages={55--56},
  year={1967},
  publisher={Elsevier}
}

@article{girardeau2006ground,
  title={Ground and excited states of spinor {F}ermi gases in tight waveguides and the {L}ieb-{L}iniger-{H}eisenberg model},
  author={Girardeau, MD},
  journal={Physical Review Letters},
  volume={97},
  number={21},
  pages={210401},
  year={2006},
  publisher={APS}
}

@article{sutherland1968further,
  title={Further results for the many-body problem in one dimension},
  author={Sutherland, Bill},
  journal={Physical Review Letters},
  volume={20},
  number={3},
  pages={98},
  year={1968},
  publisher={APS}
}

% experiments 1D

@article{schreck2001quasipure,
  title={Quasipure Bose-Einstein condensate immersed in a {F}ermi sea},
  author={Schreck, F and Khaykovich, Lev and Corwin, KL and Ferrari, G and Bourdel, Thomas and Cubizolles, Julien and Salomon, Christophe},
  journal={Physical Review Letters},
  volume={87},
  number={8},
  pages={080403},
  year={2001},
  publisher={APS}
}

@article{gorlitz2001realization,
  title={Realization of {B}ose-{E}instein condensates in lower dimensions},
  author={G{\"o}rlitz, A and Vogels, JM and Leanhardt, AE and Raman, C and Gustavson, TL and Abo-Shaeer, JR and Chikkatur, AP and Gupta, S and Inouye, S and Rosenband, T and others},
  journal={Physical Review Letters},
  volume={87},
  number={13},
  pages={130402},
  year={2001},
  publisher={APS}
}


@article{greiner2001exploring,
  title={Exploring phase coherence in a 2{D} lattice of {B}ose-{E}instein condensates},
  author={Greiner, Markus and Bloch, Immanuel and Mandel, Olaf and H{\"a}nsch, Theodor W and Esslinger, Tilman},
  journal={Physical Review Letters},
  volume={87},
  number={16},
  pages={160405},
  year={2001},
  publisher={APS}
} 

@article{moritz2003exciting,
  title={Exciting collective oscillations in a trapped 1{D} gas},
  author={Moritz, Henning and St{\"o}ferle, Thilo and K{\"o}hl, Michael and Esslinger, Tilman},
  journal={Physical Review Letters},
  volume={91},
  number={25},
  pages={250402},
  year={2003},
  publisher={APS}
}