@article{PhysRev.47.903,
  title = {The Interaction Between a Neutron and a Proton and the Structure of ${\mathrm{H}}^{3}$},
  author = {Thomas, L. H.},
  journal = {Phys. Rev.},
  volume = {47},
  issue = {12},
  pages = {903--909},
  numpages = {0},
  year = {1935},
  month = {Jun},
  publisher = {American Physical Society},
  doi = {10.1103/PhysRev.47.903},
  url = {https://link.aps.org/doi/10.1103/PhysRev.47.903}
}

@article{PhysRevLett.105.070402,
	title = {Universal Behavior of Pair Correlations in a Strongly Interacting Fermi Gas},
	author = {Kuhnle, E. D. and Hu, H. and Liu, X.-J. and Dyke, P. and Mark, M. and Drummond, P. D. and Hannaford, P. and Vale, C. J.},
	journal = {Phys. Rev. Lett.},
	volume = {105},
	issue = {7},
	pages = {070402},
	numpages = {4},
	year = {2010},
	month = {Aug},
	publisher = {American Physical Society},
	doi = {10.1103/PhysRevLett.105.070402},
	url = {https://link.aps.org/doi/10.1103/PhysRevLett.105.070402}
}

@book{4d9ee36a3be642848d14f8517fe0f94c,
	title = "RCR - A Danish textbook for courses in Responsible Conduct of Research",
	url={https://ifro.ku.dk/rcr.pdf/},
	editor = "Jensen, {Karsten Klint} and Whiteley, {Louise Emma} and Peter Sand{\o}e",
	year = "2018",
	language = "English",
	publisher = "Department of Food and Resource Economics, University of Copenhagen",
	edition = "3",
	
}

@article{Moser_2017,
	title={Stability of a Fermionic N + 1 Particle System with Point Interactions},
	volume={356},
	ISSN={1432-0916},
	url={http://dx.doi.org/10.1007/s00220-017-2980-0},
	DOI={10.1007/s00220-017-2980-0},
	number={1},
	journal={Communications in Mathematical Physics},
	publisher={Springer Science and Business Media LLC},
	author={Moser, Thomas and Seiringer, Robert},
	year={2017},
	month={Aug},
	pages={329â€“355}
}